%%%%%%%%%%%%%%%%%%%%%%%%%%%%%%%%%%%%%%%%%%%%%%%%%%%%%%%%%%%%%%%%%%%%%%%%%%%%%%%%%%%%%%%%%%%%%%%%%%%%%%%%%%%%%%%%%%%%%%
%%%%%%%%%%%%%%%%%%%%%%%%%%%%%%%% Literaturverzeichnis %%%%%%%%%%%%%%%%%%%%%%%%%%%%%%%%%%%%%%%%%%%%%%%%%%%%%%%%%%%%%%%%

%% Tags:
%% ws: website
%% i: image
%% d: document


%Text

@misc{ws:IBM_PR32308,
	author = {IBM},
	title = {IBM Completes Acquisition of Sterling Commerce},
	day = {27},
	month = {August},
	year = {2010},
	howpublished = {\url{http://www-03.ibm.com/press/us/en/pressrelease/32308.wss}}
}

@misc{ws:IBM_CDFAQ1536552,
	author = {IBM},
	title = {Where can i find documentation about COMPRESS EXTENDED? (SCI46794)},
	day = {28},
	month = {MÃ¤rz},
	year = {2008},
	howpublished = {\url{http://www-01.ibm.com/support/docview.wss?uid=swg21536552}}
}

@misc{ws:LeuTek,
	author = {LeuTek},
	title = {ZIS-System - LeuTek - Ein Unternehmen der USU Gruppe},
	year = {2014},
	howpublished = {\url{https://www.leutek.de/produkte/zis-system.html}}
}

@misc{d:RFC3410,
author = {J. Case and SNMP Research, Inc. and R. Mundy and Network Associates Laboratories and D. Partain and Ericsson and B. Stewart},
title = {Introduction and Applicability Statements for Internet Standard Management Framework},
year = {2002},
month = {December},
howpublished = {\url{http://tools.ietf.org/html/rfc3410}},
}

@misc{d:RFC1592,
author = {B. Wijnen and G. Carpenter and T.J. Watson Research Center, IBM Corp. and K. Curran and A. Sehgal and G. Waters and Bell Northern Research, Ltd.},
title = {Simple Network Management Protocol Distributed Protocol Interface Version 2.0},
year = {1994},
month = {March},
howpublished = {\url{http://tools.ietf.org/html/rfc1592}},
}





@Book{hertzberg2009mobile,
 author = {Hertzberg, Joachim},
 title = {Mobile Roboter : Eine Einf{\"u}hrung aus Sicht der Informatik},
 publisher = {Springer},
 year = {2009},
 address = {Berlin},
 isbn = {3642017258}
 }
 
 %Bilder
 
@misc{i:IBMLogo,
author = {IBM},
title = {Das IBM Logo},
howpublished = {\url{http://images.computerwoche.de/images/computerwoche/bdb/1863459/890.jpg}}
}

@misc{i:SterlingCommerceLogo,
author = {Sterling Commerce},
title = {Das Sterling Commerce Logo},
howpublished = {\url{http://www.it-scoop.com/wp-content/uploads/2010/05/SterlingCommerce.jpg}}
}

@misc{i:FiduciaLogo,
author = {Fiducia},
title = {Das Fiducia IT AG Logo},
howpublished = {Internes Dokument}
}

@misc{i:LeutekLogo,
author = {LeuTek},
title = {Das LeuTek Logo},
howpublished = {\url{http://www.xn--broobst-stuttgart-22b.de/WebRoot/Store24/Shops/64534078/MediaGallery/leutek_usu_logo_2c.jpg}}
}

@misc{i:SNMP,
author = {Rene Bretz},
title = {How SNMP works},
howpublished = {\url{https://commons.wikimedia.org/wiki/File:Snmp.PNG}}
}